<record><leader>00000cas a22000007a 4500</leader><controlfield tag="001">10443314</controlfield><controlfield tag="008">840222d1831184umeuwr ne      0    0eng d</controlfield><datafield ind1=" " ind2=" " tag="010"><subfield code="a">sn 84022495 </subfield></datafield><datafield ind1=" " ind2=" " tag="040"><subfield code="a">NPX</subfield><subfield code="b">eng</subfield><subfield code="c">NPX</subfield><subfield code="d">NPU</subfield><subfield code="d">MBN</subfield><subfield code="d">OCL</subfield><subfield code="d">MBN</subfield><subfield code="d">OCLCG</subfield><subfield code="d">OCLCQ</subfield><subfield code="d">OCLCO</subfield></datafield><datafield ind1="1" ind2=" " tag="029"><subfield code="a">AU@</subfield><subfield code="b">000020129007</subfield></datafield><datafield ind1=" " ind2=" " tag="042"><subfield code="a">msc</subfield></datafield><datafield ind1=" " ind2=" " tag="043"><subfield code="a">n-us-me</subfield></datafield><datafield ind1="0" ind2="0" tag="245"><subfield code="a">Skowhegan sentinel, and Somerset democratic republican.</subfield></datafield><datafield ind1="1" ind2="3" tag="246"><subfield code="a">Sentinel and Republican</subfield></datafield><datafield ind1=" " ind2=" " tag="260"><subfield code="a">Milburn, Me. :</subfield><subfield code="b">Asa Wyman</subfield></datafield><datafield ind1=" " ind2=" " tag="300"><subfield code="a">v. ;</subfield><subfield code="c">54 cm.</subfield></datafield><datafield ind1=" " ind2=" " tag="310"><subfield code="a">Weekly</subfield></datafield><datafield ind1="1" ind2=" " tag="362"><subfield code="a">Began with Dec. 12, 1831 issue.</subfield><subfield code="z">Cf. Griffin, J. Hist. of the press of Maine, 1872.</subfield></datafield><datafield ind1=" " ind2=" " tag="500"><subfield code="a">Editors: A.N. Wyman, 1831-1838; Littlefield &amp; Hill, 1838-1840.</subfield></datafield><datafield ind1=" " ind2=" " tag="500"><subfield code="a">Proprietors: Littlefield &amp; Hill, 1838-1840.</subfield></datafield><datafield ind1=" " ind2=" " tag="500"><subfield code="a">Printer: Moses Littlefield.</subfield></datafield><datafield ind1=" " ind2=" " tag="500"><subfield code="a">Published at Skowhegan, 1836-&lt;1840&gt;.</subfield></datafield><datafield ind1=" " ind2=" " tag="500"><subfield code="a">Milburn renamed Skowhegan in 1836.</subfield></datafield><datafield ind1=" " ind2=" " tag="588"><subfield code="a">Description based on: Vol. 4, no. 21 (Jan. 18, 1832).</subfield></datafield><datafield ind1=" " ind2="0" tag="651"><subfield code="a">Milburn (Me.)</subfield><subfield code="v">Newspapers.</subfield></datafield><datafield ind1=" " ind2="0" tag="651"><subfield code="a">Skowhegan (Me.)</subfield><subfield code="v">Newspapers.</subfield></datafield><datafield ind1="1" ind2=" " tag="700"><subfield code="a">Littlefield, Moses,</subfield><subfield code="d">1813-1868.</subfield></datafield><datafield ind1="1" ind2=" " tag="700"><subfield code="a">Hill, Jabez D.</subfield></datafield><datafield ind1="1" ind2=" " tag="700"><subfield code="a">Wyman, Asa N.</subfield></datafield><datafield ind1=" " ind2=" " tag="752"><subfield code="a">United States</subfield><subfield code="b">Maine</subfield><subfield code="c">Somerset</subfield><subfield code="d">Skowhegan.</subfield></datafield><datafield ind1="0" ind2="0" tag="785"><subfield code="a">Democratic clarion</subfield><subfield code="w">(DLC)sn 83016135</subfield></datafield></record>